<?xml version="1.0" encoding="UTF-8"?><collection xmlns="http://www.loc.gov/MARC21/slim"><record><leader>00417nam--2200121-i-4500</leader><controlfield tag="001">000037272</controlfield><controlfield tag="002">20161230</controlfield><controlfield tag="005">20161230201041</controlfield><controlfield tag="008">060222s1000------------r-----000-0-eng-d</controlfield><datafield ind1=" " ind2=" " tag="245"><subfield code="a">Problems and control of air pollution. proc.of the first international congress on air polution held in new york, march 1-2 1955</subfield></datafield><datafield ind1=" " ind2=" " tag="260"><subfield code="a">New York, Reinhold Publ.Corp., 1955, Vi + 272p</subfield></datafield><datafield ind1=" " ind2=" " tag="700"><subfield code="a">Mallette, Frederick S</subfield></datafield><datafield ind1=" " ind2=" " tag="852"><subfield code="a">16799</subfield></datafield></record></collection>